@article{dispcats,
  title={Displayed categories},
  author={Ahrens, Benedikt and Lumsdaine, Peter LeFanu},
  journal={Logical Methods in Computer Science},
  volume={15},
  year={2019},
  publisher={Episciences. org}
}
